<?xml version="1.0" encoding="UTF-8"?><collection xmlns="http://www.loc.gov/MARC21/slim"><record><leader>00500nam--2200181-i-4500</leader><controlfield tag="001">000002951</controlfield><controlfield tag="002">20161230</controlfield><controlfield tag="005">20161230201025</controlfield><controlfield tag="008">060222s1000------------r-----000-0-ger-d</controlfield><datafield ind1=" " ind2=" " tag="040"><subfield code="a">IFIN-HH</subfield></datafield><datafield ind1=" " ind2=" " tag="041"><subfield code="a">ger</subfield></datafield><datafield ind1=" " ind2=" " tag="080"><subfield code="a">512.86+519.4</subfield></datafield><datafield ind1="1" ind2=" " tag="100"><subfield code="a">Boerner, Herman</subfield></datafield><datafield ind1="1" ind2="0" tag="245"><subfield code="a">Darstellungen von gruppen. mit erucksichtigung der bedurfnisse der modern physik</subfield><subfield code="c">Herman boerner</subfield></datafield><datafield ind1=" " ind2=" " tag="260"><subfield code="a">Berlin</subfield><subfield code="b">Springer</subfield><subfield code="c">1955</subfield></datafield><datafield ind1=" " ind2=" " tag="300"><subfield code="a">XI + 287 P</subfield></datafield><datafield ind1=" " ind2=" " tag="852"><subfield code="a">11652</subfield><subfield code="c">519.4</subfield></datafield><datafield ind1=" " ind2=" " tag="CAT"><subfield code="a">Sys</subfield><subfield code="c">20130809</subfield><subfield code="h">115109</subfield></datafield></record></collection>